<?xml version="1.0" encoding="UTF-8"?><record xmlns="http://www.loc.gov/MARC21/slim" xmlns:cinclude="http://apache.org/cocoon/include/1.0" xmlns:zs="http://www.loc.gov/zing/srw/">
  <leader>00970cz  a2200157n  4500</leader>
  <controlfield tag="001">n  88206674 </controlfield>
  <controlfield tag="003">DLC</controlfield>
  <controlfield tag="005">19891109133726.2</controlfield>
  <controlfield tag="008">891108n| acannaab|          |a ana |||  </controlfield>
  <datafield tag="010" ind1=" " ind2=" ">
    <subfield code="a">n  88206674 </subfield>
  </datafield>
  <datafield tag="040" ind1=" " ind2=" ">
    <subfield code="a">DLC</subfield>
    <subfield code="c">DLC</subfield>
    <subfield code="d">DLC</subfield>
  </datafield>
  <datafield tag="110" ind1="2" ind2="0">
    <subfield code="a">Advisory Committee on Junior Resource Financing and the Competitive Position of Ontario</subfield>
  </datafield>
  <datafield tag="410" ind1="1" ind2="0">
    <subfield code="a">Ontario.</subfield>
    <subfield code="b">Advisory Committee on Junior Resource Financing and the Competitive Position of Ontario</subfield>
  </datafield>
  <datafield tag="410" ind1="1" ind2="0">
    <subfield code="a">Ontario.</subfield>
    <subfield code="b">Ministry of Northern Development and Mines.</subfield>
    <subfield code="b">Advisory Committee on Junior Resource Financing and the Competitive Position of Ontario</subfield>
  </datafield>
  <datafield tag="670" ind1=" " ind2=" ">
    <subfield code="a">Its Final report and recommendations of the Advisory Committee on Junior Resource Financing and the Competitive Position of Ontario, 1986:</subfield>
    <subfield code="b">cover (Advisory Committee on Junior Resource Financing and the Competitive Position of Ontario)</subfield>
  </datafield>
  <datafield tag="670" ind1=" " ind2=" ">
    <subfield code="a">NLC, 9/6/89</subfield>
    <subfield code="b">(Advisory Committee on Junior Resource Financing and the Competitive Position of Ontario; est. 1/23/86)</subfield>
  </datafield>
</record>